@InProceedings{dennis14:_action_durat_failur_bdi_languag,
  author = 	 {Louise A. Dennis and Michael Fisher},
  title = 	 {Actions with Durations and Failures in BDI Languages},
  booktitle = {21st European Conference on Artificial Intelligence (ECAI 2014)},
  year = 	 2014,
  editor = 	 {Torsten Schaub},
  series = {Frontiers in Artificial Intelligence and Applications},
  volume = 263,
  pages = {995--996},
  publisher = {IOS Press}}
  
  @TechReport{dennis14,
  author = 	 {Louise A. Dennis and Michael Fisher},
  title = 	 {Actions with Durations and Failures in BDI Languages},
  institution =  {University of Liverpool, Department of Computer Science},
  year = 	 2014,
  number =	 {ULCS-14-003}
}

@inproceedings{DennisAAMAS21,
      author={Louise. A. Dennis and Nir Oren},
      title={Explaining {BDI} agent behaviour through dialogue},
      booktitle={20th International Conference on Autonomous Agents and Multi-Agent Systems (AAMAS 2021)},
      editors={U.~Endriss and A.~Now\'{e} and F.~Dignum and A.~Lomuscio},
      year=2021,
      notes={To appear}
      }
